@article{tordeux2022multi,
  title={Multi-scale description of pedestrian collective dynamics with port-Hamiltonian systems},
  author={Tordeux, Antoine and Totzeck, Claudia},
  journal={arXiv preprint arXiv:2211.06503},
  year={2022}
}

@article{Helbing1995,
   title={Social force model for pedestrian dynamics},
   volume={51},
   ISSN={1095-3787},
   url={http://dx.doi.org/10.1103/PhysRevE.51.4282},
   DOI={10.1103/physreve.51.4282},
   number={5},
   journal={Physical Review E},
   publisher={American Physical Society (APS)},
   author={Helbing, Dirk and Molnár, Péter},
   year={1995},
   month=may, pages={4282-4286} 
}

@inproceedings{van2006port,
  title={Port-Hamiltonian systems: an introductory survey},
  author={Van Der Schaft, Arjan},
  booktitle={International congress of mathematicians},
  pages={1339--1365},
  year={2006},
  organization={European Mathematical Society Publishing House (EMS Ph)}
}

@article{cordoni2022stochastic,
  title={Stochastic port-Hamiltonian systems},
  author={Cordoni, Francesco and Di Persio, Luca and Muradore, Riccardo},
  journal={Journal of Nonlinear Science},
  volume={32},
  number={6},
  pages={91},
  year={2022},
  publisher={Springer}
}

@book{hong2022symplectic,
  title={Symplectic integration of stochastic hamiltonian systems},
  author={Hong, Jialin and Sun, Liying},
  year={2022},
  publisher={Springer}
}

@article{rudiger2024stability,
  title={Stability analysis of a stochastic port-Hamiltonian car-following model},
  author={R{\"u}diger, Barbara and Tordeux, Antoine and Ugurcan, Baris E},
  journal={Journal of Physics A: Mathematical and Theoretical},
  volume={57},
  number={29},
  year={2024},
  publisher={IOP Publishing}
}


@book{oksendal2003stochastic,
  title={Stochastic differential equations},
  author={{\O}ksendal, Bernt and {\O}ksendal, Bernt},
  year={2003},
  publisher={Springer}
}
