@article{Mullick_2022,
   title={Analysis of emergent patterns in crossing flows of pedestrians reveals an invariant of ‘stripe’ formation in human data},
   volume={18},
   ISSN={1553-7358},
   DOI={10.1371/journal.pcbi.1010210},
   number={6},
   journal={PLoS Computational Biology},
   publisher={Public Library of Science (PLoS)},
   author={Mullick, Pratik and Fontaine, Sylvain and Appert-Rolland, Cécile and Olivier, Anne-Hélène and Warren, William H. and Pettré, Julien},
   editor={Fu, Feng},
   year={2022},
   month=jun, pages={e1010210} }

@book{schweitzer1997self,
  title={Self-organization of complex structures: From individual to collective dynamics},
  author={Schweitzer, Frank},
  year={1997},
  publisher={CRC Press}
}

@book{yates2012self,
  title={Self-organizing systems: The emergence of order},
  author={Yates, F Eugene},
  year={2012},
  publisher={Springer Science \& Business Media}
}

@article{gu2025emergence,
  title={Emergence of collective oscillations in massive human crowds},
  author={Gu, Fran{\c{c}}ois and Guiselin, Benjamin and Bain, Nicolas and Zuriguel, Iker and Bartolo, Denis},
  journal={Nature},
  volume={638},
  number={8049},
  pages={112--119},
  year={2025},
  publisher={Nature Publishing Group UK London}
}

@book{fromm2004emergence,
  title={The emergence of complexity},
  author={Fromm, Jochen},
  year={2004},
  publisher={Kassel university press Kassel}
}

@article{sieben2017collective,
  title={Collective phenomena in crowds — Where pedestrian dynamics need social psychology},
  author={Sieben, Anna and Schumann, Jette and Seyfried, Armin},
  journal={PLoS one},
  volume={12},
  number={6},
  pages={e0177328},
  year={2017},
  publisher={Public Library of Science San Francisco, CA USA}
}

@incollection{yeo2009understanding,
  title={Understanding stop-and-go traffic in view of asymmetric traffic theory},
  author={Yeo, Hwasoo and Skabardonis, Alexander},
  booktitle={Transportation and Traffic Theory 2009: Golden Jubilee: Papers selected for presentation at ISTTT18, a peer reviewed series since 1959},
  pages={99--115},
  year={2009},
  publisher={Springer}
}

@article{moussaid2013opinion,
  title={Opinion formation and the collective dynamics of risk perception},
  author={Moussa{\"\i}d, Mehdi},
  journal={PLoS One},
  volume={8},
  number={12},
  pages={e84592},
  year={2013},
  publisher={Public Library of Science San Francisco, USA}
}

@article{helbing1995social,
  title={Social force model for pedestrian dynamics},
  author={Helbing, Dirk and Molnar, Peter},
  journal={Physical review E},
  volume={51},
  number={5},
  pages={4282},
  year={1995},
  publisher={APS}
}

@misc{tordeux2022multi,
  title={Multi-scale description of pedestrian collective dynamics with port-Hamiltonian systems}, 
  author={Antoine Tordeux and Claudia Totzeck},
  year={2023},
  eprint={2211.06503},
  archivePrefix={arXiv},
  primaryClass={physics.soc-ph},
  url={https://arxiv.org/abs/2211.06503}, 
}

@article{chraibi2011force,
  title={Force-based models of pedestrian dynamics},
  author={Chraibi, Mohcine and Kemloh, Ulrich and Schadschneider, Andreas and Seyfried, Armin},
  journal={Networks and Heterogeneous Media},
  volume={6},
  number={3},
  pages={425--442},
  year={2011},
  publisher={Networks and Heterogeneous Media}
}

@inproceedings{tordeux2016collision,
  title={Collision-free speed model for pedestrian dynamics},
  author={Tordeux, Antoine and Chraibi, Mohcine and Seyfried, Armin},
  booktitle={Traffic and Granular Flow'15},
  pages={225--232},
  year={2016},
  organization={Springer}
}

@article{Agents.jl,
  doi = {10.1177/00375497211068820},
  year = {2022},
  month = jan,
  publisher = {{SAGE} Publications},
  pages = {003754972110688},
  author = {George Datseris and Ali R. Vahdati and Timothy C. DuBois},
  title = {Agents.jl: a performant and feature-full agent-based modeling software of minimal code complexity},
  journal = {{SIMULATION}},
  volume = {0},
  number = {0},
}

@article{rackauckas2017differentialequations,
  title={Differential{E}quations.jl--a performant and feature-rich ecosystem for solving differential equations in {J}ulia},
  author={Rackauckas, Christopher and Nie, Qing},
  journal={Journal of Open Research Software},
  volume={5},
  number={1},
  year={2017},
  publisher={Ubiquity Press}
}

@article{bezanson2012julia,
  title={Julia: A fast dynamic language for technical computing},
  author={Bezanson, Jeff and Karpinski, Stefan and Shah, Viral B and Edelman, Alan},
  journal={arXiv preprint arXiv:1209.5145},
  year={2012}
}

@book{oksendal2003stochastic,
  title={Stochastic differential equations},
  author={{\O}ksendal, Bernt},
  year={2003},
  publisher={Springer}
}

@article{khelfa2021initiating,
  title={Initiating lane and band formation in heterogeneous pedestrian dynamics},
  author={Khelfa, Basma and Korbmacher, Raphael and Schadschneider, Andreas and Tordeux, Antoine},
  journal={Collective Dynamics},
  volume={6},
  pages={1--13},
  year={2021}
}

@article{helbing2000freezing,
  title={Freezing by heating in a driven mesoscopic system},
  author={Helbing, Dirk and Farkas, Ill{\'e}s J and Vicsek, Tam{\'a}s},
  journal={Physical review letters},
  volume={84},
  number={6},
  pages={1240},
  year={2000},
  publisher={APS}
}

@article{d2021canard,
  title={Canard resonance: on noise-induced ordering of trajectories in heterogeneous networks of slow-fast systems},
  author={D’Huys, Otti and Veltz, Romain and Dolcemascolo, Axel and Marino, Francesco and Barland, St{\'e}phane},
  journal={Journal of Physics: Photonics},
  volume={3},
  number={2},
  pages={024010},
  year={2021},
  publisher={IOP Publishing}
}

@misc{appertrolland2024modellingvehiclepedestriancollective,
      title={Modelling vehicle and pedestrian collective dynamics: Challenges and advancements}, 
      author={Cécile Appert-Rolland and Alexandre Nicolas and Armin Seyfried and Antoine Tordeux and Denis Ullmo},
      year={2024},
      eprint={2410.22896},
      archivePrefix={arXiv},
      primaryClass={physics.soc-ph},
      url={https://arxiv.org/abs/2410.22896}, 
}

@book{duindam2009modeling,
  title={Modeling and control of complex physical systems: the port-Hamiltonian approach},
  author={Duindam, Vincent and Macchelli, Alessandro and Stramigioli, Stefano and Bruyninckx, Herman},
  year={2009},
  publisher={Springer Science \& Business Media}
}

@article{van2014port,
  title={Port-Hamiltonian systems theory: An introductory overview},
  author={Van Der Schaft, Arjan and Jeltsema, Dimitri and others},
  journal={Foundations and Trends{\textregistered} in Systems and Control},
  volume={1},
  number={2-3},
  pages={173--378},
  year={2014},
  publisher={Now Publishers, Inc.}
}

@article{van2024port,
  title={Port-Hamiltonian nonlinear systems},
  author={van der Schaft, Arjan},
  journal={arXiv preprint arXiv:2412.19673},
  year={2024}
}

@inproceedings{chraibi2016force,
  title={A force-based model to reproduce stop-and-go waves in pedestrian dynamics},
  author={Chraibi, Mohcine and Tordeux, Antoine and Schadschneider, Andreas},
  booktitle={Traffic and Granular Flow'15},
  pages={169--175},
  year={2016},
  organization={Springer}
}

@incollection{van2004port,
  title={Port-Hamiltonian systems: network modeling and control of nonlinear physical systems},
  author={van der Schaft, Arjan J},
  booktitle={Advanced dynamics and control of structures and machines},
  pages={127--167},
  year={2004},
  publisher={Springer}
}

@article{van2013port,
  title={Port-Hamiltonian systems on graphs},
  author={Van der Schaft, Arjan J and Maschke, Bernhard M},
  journal={SIAM Journal on Control and Optimization},
  volume={51},
  number={2},
  pages={906--937},
  year={2013},
  publisher={SIAM}
}

@article{xue2019opinion,
  title={Opinion behavior analysis in social networks under the influence of coopetitive media},
  author={Xue, Dong and Hirche, Sandra and Cao, Ming},
  journal={IEEE Transactions on Network Science and Engineering},
  volume={7},
  number={3},
  pages={961--974},
  year={2019},
  publisher={IEEE}
}

@inproceedings{matei2019inferring,
  title={Inferring particle interaction physical models and their dynamical properties},
  author={Matei, Ion and Mavridis, Christos and Baras, John S and Zhenirovskyy, Maksym},
  booktitle={2019 IEEE 58th Conference on Decision and Control (CDC)},
  pages={4615--4621},
  year={2019},
  organization={IEEE}
}

@article{sharf2019analysis,
  title={Analysis and synthesis of MIMO multi-agent systems using network optimization},
  author={Sharf, Miel and Zelazo, Daniel},
  journal={IEEE Transactions on Automatic Control},
  volume={64},
  number={11},
  pages={4512--4524},
  year={2019},
  publisher={IEEE}
}

@article{bansal2021port,
  title={Port-Hamiltonian formulation of two-phase flow models},
  author={Bansal, Harshit and Schulze, Philipp and Abbasi, Mohammad Hossein and Zwart, Hans and Iapichino, Laura and Schilders, Wil HA and van de Wouw, Nathan},
  journal={Systems \& Control Letters},
  volume={149},
  pages={104881},
  year={2021},
  publisher={Elsevier}
}

@article{rashad2021port,
  title={Port-Hamiltonian modeling of ideal fluid flow: Part I. Foundations and kinetic energy},
  author={Rashad, Ramy and Califano, Federico and Schuller, Frederic P and Stramigioli, Stefano},
  journal={Journal of Geometry and Physics},
  volume={164},
  pages={104201},
  year={2021},
  publisher={Elsevier}
}

@article{cordoni2022stochastic,
  title={Stochastic port-Hamiltonian systems},
  author={Cordoni, Francesco and Di Persio, Luca and Muradore, Riccardo},
  journal={Journal of Nonlinear Science},
  volume={32},
  number={6},
  pages={91},
  year={2022},
  publisher={Springer}
}

@article{rudiger2024stability,
  title={Stability analysis of a stochastic port-Hamiltonian car-following model},
  author={R{\"u}diger, Barbara and Tordeux, Antoine and Ugurcan, Baris E},
  journal={Journal of Physics A: Mathematical and Theoretical},
  volume={57},
  number={29},
  pages={295203},
  year={2024},
  publisher={IOP Publishing}
}

@article{ehrhardt2024collective,
  title={The collective dynamics of a stochastic port-Hamiltonian self-driven agent model in one dimension},
  author={Ehrhardt, Matthias and Kruse, Thomas and Tordeux, Antoine},
  journal={ESAIM: Mathematical Modelling and Numerical Analysis},
  volume={58},
  number={2},
  pages={515--544},
  year={2024},
  publisher={EDP Sciences}
}

@book{hong2022symplectic,
  title={Symplectic integration of stochastic Hamiltonian systems},
  author={Hong, Jialin and Sun, Liying},
  year={2022},
  publisher={Springer}
}